@article{kohn1965,
  title = {Self-Consistent Equations Including Exchange and Correlation Effects},
  author = {Kohn, W. and Sham, L. J.},
  journal = {Phys. Rev.},
  volume = {140},
  issue = {4A},
  pages = {A1133--A1138},
  numpages = {0},
  year = {1965},
  month = {Nov},
  publisher = {American Physical Society},
  doi = {10.1103/PhysRev.140.A1133},
  url = {https://link.aps.org/doi/10.1103/PhysRev.140.A1133}
}
@article{hohenberg1964,
  title = {Inhomogeneous Electron Gas},
  author = {Hohenberg, P. and Kohn, W.},
  journal = {Phys. Rev.},
  volume = {136},
  issue = {3B},
  pages = {B864--B871},
  numpages = {0},
  year = {1964},
  month = {Nov},
  publisher = {American Physical Society},
  doi = {10.1103/PhysRev.136.B864},
  url = {https://link.aps.org/doi/10.1103/PhysRev.136.B864}
}
@article{ceperley1980ground,
  title={Ground state of the electron gas by a stochastic method},
  author={Ceperley, David M and Alder, Berni J},
  journal={Physical review letters},
  volume={45},
  number={7},
  pages={566},
  year={1980},
  publisher={APS}
}
@article{strinati1988application,
  title={Application of the Greenâ€™s functions method to the study of the optical properties of semiconductors},
  author={Strinati, Giancarlo},
  journal={La Rivista del Nuovo Cimento (1978-1999)},
  volume={11},
  number={12},
  pages={1--86},
  year={1988},
  publisher={Springer}
}
@book{martin2016interacting,
  title={Interacting electrons},
  author={Martin, Richard M and Reining, Lucia and Ceperley, David M},
  year={2016},
  publisher={Cambridge University Press}
}
@article{monserrat2018electron,
  title={Electron--phonon coupling from finite differences},
  author={Monserrat, Bartomeu},
  journal={Journal of Physics: Condensed Matter},
  volume={30},
  number={8},
  pages={083001},
  year={2018},
  publisher={IOP Publishing}
}
@book{stefanucci2013nonequilibrium,
  title={Nonequilibrium many-body theory of quantum systems: a modern introduction},
  author={Stefanucci, Gianluca and Van Leeuwen, Robert},
  year={2013},
  publisher={Cambridge University Press}
}
@article{aryasetiawan1998gw,
  title={The GW method},
  author={Aryasetiawan, Ferdi and Gunnarsson, Olle},
  journal={Reports on Progress in Physics},
  volume={61},
  number={3},
  pages={237},
  year={1998},
  publisher={IOP Publishing}
}
@online{JulienToulouseNotes,
  author={Julien Toulouse},
  title={Introduction to many-body Green-function theory},
  url={https://www.lct.jussieu.fr/pagesperso/toulouse/enseignement/introduction_green.pdf}
}
@article{giustino2017review,
  title = {Electron-phonon interactions from first principles},
  author = {Giustino, Feliciano},
  journal = {Rev. Mod. Phys.},
  volume = {89},
  issue = {1},
  pages = {015003},
  numpages = {63},
  year = {2017},
  month = {Feb},
  publisher = {American Physical Society},
  doi = {10.1103/RevModPhys.89.015003},
  url = {https://link.aps.org/doi/10.1103/RevModPhys.89.015003}
}
@article{hedin1965new,
  title={New method for calculating the one-particle Green's function with application to the electron-gas problem},
  author={Hedin, Lars},
  journal={Physical Review},
  volume={139},
  number={3A},
  pages={A796},
  year={1965},
  publisher={APS}
}
@article{PhysRevLett.107.166401,
  title = {Valence Electron Photoemission Spectrum of Semiconductors: Ab Initio Description of Multiple Satellites},
  author = {Guzzo, Matteo and Lani, Giovanna and Sottile, Francesco and Romaniello, Pina and Gatti, Matteo and Kas, Joshua J. and Rehr, John J. and Silly, Mathieu G. and Sirotti, Fausto and Reining, Lucia},
  journal = {Phys. Rev. Lett.},
  volume = {107},
  issue = {16},
  pages = {166401},
  numpages = {5},
  year = {2011},
  month = {Oct},
  publisher = {American Physical Society},
  doi = {10.1103/PhysRevLett.107.166401},
  url = {https://link.aps.org/doi/10.1103/PhysRevLett.107.166401}
}
@article{landau1957oscillations,
  title={Oscillations in a Fermi liquid},
  author={Landau, LD},
  journal={Soviet Physics Jetp-Ussr},
  volume={5},
  number={1},
  pages={101--108},
  year={1957},
  publisher={AMER INST PHYSICS 1305 WALT WHITMAN RD, STE 300, MELVILLE, NY 11747-4501 USA}
}
@article{adamska2021bethe,
  title={Bethe-Salpeter equation approach with electron-phonon coupling for exciton binding energies},
  author={Adamska, Lyudmyla and Umari, Paolo},
  journal={Physical Review B},
  volume={103},
  number={7},
  pages={075201},
  year={2021},
  publisher={APS}
}
@article{shindo1970effective,
  title={Effective electron-hole interaction in shallow excitons},
  author={Shindo, Koichi},
  journal={Journal of the Physical Society of Japan},
  volume={29},
  number={2},
  pages={287--296},
  year={1970},
  publisher={The Physical Society of Japan}
}
@article{van1954photon,
  title={Photon-radiative recombination of electrons and holes in germanium},
  author={Van Roosbroeck, W and Shockley, William},
  journal={Physical Review},
  volume={94},
  number={6},
  pages={1558},
  year={1954},
  publisher={APS}
}
@article{antonius2022theory,
  title={Theory of exciton-phonon coupling},
  author={Antonius, Gabriel and Louie, Steven G},
  journal={Physical Review B},
  volume={105},
  number={8},
  pages={085111},
  year={2022},
  publisher={APS}
}
@article{baroni2001phonons,
  title={Phonons and related crystal properties from density-functional perturbation theory},
  author={Baroni, Stefano and De Gironcoli, Stefano and Dal Corso, Andrea and Giannozzi, Paolo},
  journal={Reviews of modern Physics},
  volume={73},
  number={2},
  pages={515},
  year={2001},
  publisher={APS}
}
@phdthesis{pereira2017ab,
  title={Ab initio Approaches to Resonant Raman Spectroscopy of Transition Metal Dichalcogenides},
  author={Pereira Coutada Miranda, Henrique},
  year={2017},
  school={University of Luxembourg, Luxembourg, Luxembourg}
}
@phdthesis{paleari2019first,
  title={First-principles approaches to the description of indirect absorption and luminescence spectroscopy: exciton-phonon coupling in hexagonal boron nitride},
  author={Paleari, Fulvio},
  year={2019},
  school={University of Luxembourg, Luxembourg}
}
@book{bruesch2012phonons,
  title={Phonons: Theory and experiments I: Lattice dynamics and Models of interatomic forces},
  author={Br{\"u}esch, Peter},
  volume={34},
  year={2012},
  publisher={Springer Science \& Business Media}
}
@article{gonze1997dynamical,
  title={Dynamical matrices, Born effective charges, dielectric permittivity tensors, and interatomic force constants from density-functional perturbation theory},
  author={Gonze, Xavier and Lee, Changyol},
  journal={Physical Review B},
  volume={55},
  number={16},
  pages={10355},
  year={1997},
  publisher={APS}
}
@article{kawai2014electron,
  title={Electron-electron and electron-phonon correlation effects on the finite-temperature electronic and optical properties of zinc-blende GaN},
  author={Kawai, Hiroki and Yamashita, Koichi and Cannuccia, Elena and Marini, Andrea},
  journal={Physical Review B},
  volume={89},
  number={8},
  pages={085202},
  year={2014},
  publisher={APS}
}
@article{cannuccia2011effect,
  title={Effect of the quantum zero-point atomic motion on the optical and electronic properties of diamond and trans-polyacetylene},
  author={Cannuccia, Elena and Marini, Andrea},
  journal={Physical review letters},
  volume={107},
  number={25},
  pages={255501},
  year={2011},
  publisher={APS}
}
@article{paleari2019exciton,
  title={Exciton-phonon coupling in the ultraviolet absorption and emission spectra of bulk hexagonal boron nitride},
  author={Paleari, Fulvio and Miranda, Henrique PC and Molina-S{\'a}nchez, Alejandro and Wirtz, Ludger},
  journal={Physical review letters},
  volume={122},
  number={18},
  pages={187401},
  year={2019},
  publisher={APS}
}
